% # [36, 113, 95, 3, 8, 9, 19, 30, 32, 33, 38, 88, 89, 90, 105, 106, 107, 70, 71, 94, 23, 72, 24, 4, 46]
% # [3, 4, 8, 9, 19, 23, 24, 30, 32, 33, 36, 38, 46, 70, 71, 72, 88, 89, 90, 94, 95, 105, 106, 107, 113]

% 3 - Ahmar Abbas, Grid Computing: A Practical Guide to Technology and Applications, ISBN:1584502762, Charles River Media, 2004 
@book{3,
    author = {Ahmar Abbas},
    title = {{Grid Computing: A Practical Guide to Technology and Applications}},
    publisher = {Charles River Media},
    year = {2004},
    isbn = {1584502762},
}
% 4 - Alexandru Coman, Mario A. Nascimento and Jorg Sandera, "Exploiting Redundancy in Sensor Networks for Energy Efficient Processing of Spatiotemporal Region Queries", ACM Proceedings of the Conference on Information and Knowledge Management, Bremen, Germany, 2005 
@inproceedings{4,
    author = {{Alexandru Coman, Mario A. Nascimento and Jorg Sandera}},
    title = {Exploiting Redundancy in Sensor Networks for Energy Efficient Processing of Spatiotemporal Region Queries},
    booktitle = {ACM Proceedings of the Conference on Information and Knowledge Management},
    year = {2005},
    number = {},
    volume = {},
    pages = {},
    doi = {},
    address = {Bremen, Germany},
}

% 8 - Anirban Chakrabarti, A. Damodaran and S. Sengupta, "Grid Computing Security. A Taxonomy", IEEE Security & Privacy, Vol. 6, Nr. 1, 2008 
@inproceedings{8,
    author = {{Anirban Chakrabarti, A. Damodarani, S. Sengupta}},
    title = {Grid Computing Security. A Taxonomy},
    booktitle = {{IEEE Security \& Privacy}},
    year = {2008},
    number = {1},
    volume = {6},
    pages = {},
    doi = {},
    address = {},
}
% 9 - Anirban Chakrabarti, Grid Computing Security, Springer-Verlag, ISBN 978-3-540-44492-3, 2007 
@book{9,
    author = {Anirban Chakrabarti},
    title = {{Grid Computing Security}},
    publisher = {Springer-Verlag},
    year = {2007},
    isbn = {978-3-540-44492-3},
}
% 19 - D. Petcu, "Arhitecturi si tehnologii grid", Eubeea, pp. 118-165, 2006 
@book{19,
    author = {D. Petcu},
    title = {{Arhitecturi si tehnologii grid}},
    publisher = {Eubeea},
    year = {2006},
    pages = {{118-165}}
}
% 23 - Eric M.Yeatman, Paul D. Mitcheson and Andrew S.Holmes, "Micro-Engineered Devices for Motion Energy Harvesting", International Electron Devices Meeting (IEDM 2007), pp. 375-378, USA, 2007 
@inproceedings{23,
    author = {{Eric M. Yeatman, Paul D. Mitcheson, Andrew S. Holmes}},
    title = {Micro-Engineered Devices for Motion Energy Harvesting},
    booktitle = {{International Electron Devices Meeting (IEDM 2007)}},
    year = {2007},
    number = {},
    volume = {},
    pages = {{375-378}},
    doi = {},
    address = {USA},
}
% 24 - Fabio Bellifemine, Giovanni Caire, Dominic Greenwood, "Developing multi-agent systems with JADE", John Wiley& Sons, ISBN: 978-0-470-05747-6 (HB), 2007 
@book{24,
    author = {{Fabio Bellifemine, Giovanni Caire, Dominic Greenwood}},
    title = {{Developing multi-agent systems with JADE}},
    publisher = {John Wiley \& Sons},
    year = {2007},
    isbn = {978-0-470-05747-6 (HB)},
}
% 30 - Ian Foster and C. Kesselman, The Grid: Blueprint for a Future Computing Infrastructure, Morgan Kaufmann Publishers, ISBN 1-55860-475-8, 1998 
@book{30,
    author = {{Ian Foster, C. Kesselman}},
    title = {{The Grid: Blueprint for a Future Computing Infrastructure}},
    publisher = {Morgan Kaufmann Publishers},
    year = {1998},
    isbn = {1-55860-475-8},
}
% 32 - Ian Foster, "What is the Grid? A Three Point Checklist",  Argonne National Laboratory & University of Chicago, 2002 
@book{32,
    author = {{Ian Foster}},
    title = {{What is the Grid? A Three Point Checklist}},
    publisher = {Argonne National Laboratory \& University of Chicago},
    year = {2002},
    isbn = {},
}
% 33 - Ian Foster, C. Kesselman and S. Tuecke, "The Anatomy of the Grid: Enabling Scalable Virtual Organizations", International J. Supercomputer Applications, Vol. 15, No. 3, 2001 
@inproceedings{33,
    author = {{Ian Foster, C. Kesselman, S. Tuecke}},
    title = {The Anatomy of the Grid: Enabling Scalable Virtual Organizations},
    booktitle = {{International J. Supercomputer Applications}},
    year = {2001},
    number = {3},
    volume = {15},
    pages = {},
    doi = {},
}
% 36 - J. Rabaey, F. Burghardt, D. Steingart, M. Seeman and P. Wright, "Energy Harvesting - A Systems Perspective", International Electron Devices Meeting (IEDM 2007), pp. 363-366, USA, 2007 
@inproceedings{36,
    author = {{J. Rabaey, F. Burghardt, D. Steingart, M. Seeman, P. Wright}},
    title = {Energy Harvesting - A Systems Perspective},
    booktitle = {{International Electron Devices Meeting (IEDM 2007)}},
    year = {2007},
    number = {},
    volume = {},
    pages = {{363-366}},
    doi = {},
    address = {USA}
}
% 38 - Jan M. Rabaey, "Wireless Sensor and Consumer Multimedia Networks – A Story of Converging Trajectories?", IEEE Consumer Communications & Networking Conference (CCNC 2005), 2005 
@inproceedings{38,
    author = {{J. Rabaey}},
    title = {Wireless Sensor and Consumer Multimedia Networks – A Story of Converging Trajectories?},
    booktitle = {{IEEE Consumer Communications \& Networking Conference (CCNC 2005)}},
    year = {2005},
    number = {},
    volume = {},
    pages = {},
    doi = {},
    address = {}
}
% 46 - Leslie Lamport, Marshall Pease and Robert Shostak, "Reaching Agreement in the Presence of Faults", Journal of the Association for Computing Machinery, 1980 
@article{46,
    author = {Leslie Lamport, Marshall Pease and Robert Shostak},
    title = {Reaching Agreement in the Presence of Faults},
    year = {1980},
    month = {},
    pages = {},
    volume = {},
    journal = {Journal of the Association for Computing Machinery},
    doi = {},
}
% 70 - R. Swanson, "Future Developments in Silicon Solar Cells", International Electron Devices Meeting (IEDM 2007), pp. 359-362, USA, 2007 
@inproceedings{70,
    author = {{R. Swanson}},
    title = {Future Developments in Silicon Solar Cells},
    booktitle = {{International Electron Devices Meeting (IEDM 2007)}},
    year = {2007},
    number = {},
    volume = {},
    pages = {{359-362}},
    doi = {},
    address = {USA}
}
% 71 - R.Venkatasubramanian, Cynthia Watkins, David Stokes, John Posthill and Chris Caylor, "Energy Harvesting for Electronics with Thermoelectric Devices using Nanoscale Materials", International Electron Devices Meeting (IEDM 2007), pp. 367-370, USA, 2007 
@inproceedings{71,
    author = {{R.Venkatasubramanian, Cynthia Watkins, David Stokes, John Posthill and Chris Caylor}},
    title = {Energy Harvesting for Electronics with Thermoelectric Devices using Nanoscale Materials},
    booktitle = {{International Electron Devices Meeting (IEDM 2007)}},
    year = {2007},
    number = {},
    volume = {},
    pages = {{367-370}},
    doi = {},
    address = {USA}
}
% 72 - Rodica Tirtea, Integration at middleware level of fault tolerance for distributed systems, Katholieke Universiteit Leuven, PhD Thesis, 2005 
@book{72,
    author = {{Rodica Tirtea}},
    title = {{Integration at middleware level of fault tolerance for distributed systems}},
    publisher = {Katholieke Universiteit Leuven},
    year = {2005},
    note = {PhD Thesis},
    isbn = {},
}
% 88 - V. Ancusa, R. Bogdan, M. Vladutiu, "Discussing Redundancy Issues in Intelligent Agent-Based Non-traditional Grids", Proceedings of the 12th International Conference on Knowledge-Based Intelligent Information and Engineering Systems (KES08), Croatia, Vol. LNAI 5178, pp. 297-395, 2008 
@inproceedings{88,
    author = {{V. Ancusa, R. Bogdan, M. Vladutiu}},
    title = {Discussing Redundancy Issues in Intelligent Agent-Based Non-traditional Grids},
    booktitle = {{Proceedings of the 12th International Conference on Knowledge-Based Intelligent Information and Engineering Systems (KES08)}},
    year = {2008},
    number = {},
    volume = {LNAI 5178},
    pages = {{297-395}},
    doi = {},
    address = {Croatia}
}
% 89 - V. Ancusa, R. Bogdan, M. Vladutiu, "Discussing the Intelligent Agent Approach in Non-traditional Grids", Proceedings of the International Multi-Conference on Engineering and Technological Innovation, Florida, USA, ISBN 978-1-934272-46-6, Vol. I, pp. 87-92, 2008 
@inproceedings{89,
    author = {{V. Ancusa, R. Bogdan, M. Vladutiu}},
    title = {Discussing the Intelligent Agent Approach in Non-traditional Grids},
    booktitle = {{Proceedings of the International Multi-Conference on Engineering and Technological Innovation}},
    year = {2008},
    number = {},
    volume = {I},
    pages = {{87-92}},
    isbn = {978-1-934272-46-6},
    address = {Florida, USA},
}
% 90 - V. Ancusa, R. Bogdan, M. Vladutiu, "Redundancy at Link Level for Non-Traditional Grids Implemented with Intelligent Agents", Proceedings of the 4th International Conference on Networked Computing and Advanced Information Management (NCM08), South Korea, ISBN 978-0-7695-3322-3, Vol. 1, pp. 597-603, 2008 
@inproceedings{90,
    author = {{V. Ancusa, R. Bogdan, M. Vladutiu}},
    title = {Redundancy at Link Level for Non-Traditional Grids Implemented with Intelligent Agents},
    booktitle = {{Proceedings of the 4th International Conference on Networked Computing and Advanced Information Management (NCM08)}},
    year = {2008},
    number = {},
    volume = {1},
    pages = {{597-603}},
    isbn = {978-0-7695-3322-3},
    address = {South Korea}
}
% 94 - W. Weber, C. Braun, J. Dienstuhl, R. Glaser, Y. Gsottberger, B. Knoll, C. Lauterbach, D. Leitner, M. X. Shi, M. Schnell, D. Savio, G. Stromberg and M. Verbeck, "Disappearing electronics and the return of the physical world", IEEE International Symposium on VLSI Technology (VLSI-TSA-Tech), pp. 45-48, 2005 
@inproceedings{94,
    author = {{W. Weber, C. Braun, J. Dienstuhl, R. Glaser, Y. Gsottberger, B. Knoll, C. Lauterbach, D. Leitner, M. X. Shi, M. Schnell, D. Savio, G. Stromberg and M. Verbeck}},
    title = {Disappearing electronics and the return of the physical world},
    booktitle = {{IEEE International Symposium on VLSI Technology (VLSI-TSA-Tech)}},
    year = {2005},
    number = {},
    volume = {},
    pages = {{45-48}},
    isbn = {},
    address = {}
}
% 95 - W. Weber, J.M. Rabaey and E. Aerts, Ambient Intelligence, Springer-Verlag, ISBN 978-3-540-23867-6, 2005 
@book{95,
    author = {{W. Weber, J. M. Rabaey, E. Aerts}},
    title = {{Ambient Intelligence}},
    publisher = {Springer-Verlag},
    year = {2007},
    isbn = {978-3-540-23867-6},
}

% 105 - M. N. Huhns, L. M. Stephens, "Multiagent Systems and Societies of Agents". [Online]. http://citeseerx.ist.psu.edu/, 1999 
@online{105,
    author = {{M. N. Huhns, L. M. Stephens}},
    title = {{Multiagent Systems and Societies of Agents}},
    url = {http://citeseerx.ist.psu.edu/},
    year = {1999},
}
% 106 - R. Guerraoui, A. Schiper, "The Generic Consensus Service", IEEE Transactions on Software Engineering, Vol. 27, No. 1, 2001 
@article{106,
    author = {R. Guerraoui, A. Schiper},
    title = {The Generic Consensus Service},
    year = {2001},
    number = {1},
    volume = {27},
    pages = {},
    journal = {IEEE Transactions on Software Engineering},
}
% 107 - V. Ancusa, "Problema consensului in calcul tolerant la erori", Politehnica University of Timisoara, 2009 
@book{107,
    author = {{V. Ancusa}},
    title = {{Problema consensului in calcul tolerant la erori}},
    publisher = {Politehnica University of Timisoara},
    year = {2009},
    note = {PhD Thesis},
}
% 113 - D. E. Geer Jr., D. G. Conway, "Security Is a Subset of Reliability", IEEE Security & Privacy, Vol. 6, Nr. 6, 2008 
@article{113,
    author = {{D. E. Geer Jr., D. G. Conway}},
    title = {Security Is a Subset of Reliability},
    year = {2008},
    number = {6},
    volume = {6},
    pages = {},
    journal = {IEEE Security \& Privacy},
}
% 114 - M. Zhivich, R. K. Cunningham,  "The Real Cost of Software Errors", IEEE Security & Privacy, Vol. 7, Nr. 2, pp. 87-90, 2009 
@article{114,
    author = {{M. Zhivich, R. K. Cunningham}},
    title = {The Real Cost of Software Errors},
    year = {2009},
    number = {2},
    volume = {7},
    pages = {{87-90}},
    journal = {IEEE Security \& Privacy},
}

