@inproceedings{withMain,
  author    = {Oniga, Florin and Sarkozi, Ervin and Nedevschi, Sergiu},
  booktitle = {2015 IEEE International Conference on Intelligent Computer Communication and Processing (ICCP)},
  title     = {Fast obstacle detection using U-disparity maps with stereo vision},
  year      = {2015},
  volume    = {},
  number    = {},
  pages     = {203-207},
  keywords  = {Roads;Three-dimensional displays;Intelligent vehicles;Adaptive systems;Standards;Computational modeling;Cameras;obstacle detection;stereovision;u-disparity;driving assistance},
  doi       = {10.1109/ICCP.2015.7312630}
}

@inproceedings{withNavigation,
  author    = {Jianhua Wang and Pingping Huang and Changfeng Chen and Wei Gu and Jianxin Chu},
  booktitle = {2011 3rd International Conference on Advanced Computer Control},
  title     = {Stereovision aided navigation of an Autonomous Surface Vehicle},
  year      = {2011},
  volume    = {},
  number    = {},
  pages     = {130-133},
  keywords  = {Navigation;Lead;Image edge detection;Cameras;Stereovision;navigation;autonomous surface vehicle;obstacle avoidance},
  doi       = {10.1109/ICACC.2011.6016382}
}

@article{withHexagons,
  author = {{Choi, C., Choi, M.K., Liu, S. et al.}},
  title  = {Human eye-inspired soft optoelectronic device using high-density MoS2-graphene curved image sensor array.},
  volume = {Nat Commun 8},
  page   = {1664},
  year   = {2017},
  doi    = {https://doi.org/10.1038/s41467-017-01824-6}
}

@article{withInsects,
  author = {{Kim, K., Jang, KW., Bae, SI. et al.}},
  title  = {Multi-functional imaging inspired by insect stereopsis.},
  journal = {Commun Eng},
  volume = {1},
  page   = {39},
  year   = {2022},
  doi    = {https://doi.org/10.1038/s44172-022-00039-y}
}

@article{withGeneralDepth,
  author = {Hickton, Mark},
  year   = {2020},
  month  = {07},
  pages  = {16-21},
  title  = {Exploring depth perception},
  volume = {35}
}

@inproceedings{withApplications,
  author    = {Rajurkar, Digvijay Nitin},
  booktitle = {2023 16th International Conference on Sensing Technology (ICST)},
  title     = {Canonical Applications of Stereo Vision and Depth Sensing},
  year      = {2023},
  volume    = {},
  number    = {},
  pages     = {1-6},
  keywords  = {Computer vision;Robot vision systems;Lighting;Estimation;Virtual reality;Terrain mapping;Cameras;Stereo Vision;Image processing;Edge Detection;Depth Sensing;Augmented Reality;Virtual Reality;Robotics;Self-driving;Computer Vision},
  doi       = {10.1109/ICST59744.2023.10460833}
}

@article{withAI,
  author   = {Liu, Jiaqing and Tsujinaga, Seiju and Chai, Shurong and Sun, Hao and Tateyama, Tomoko and Iwamoto, Yutaro and Huang, Xinyin and Lin, Lanfen and Chen, Yen-Wei},
  journal  = {IEEE Sensors Journal},
  title    = {Single Image Depth Map Estimation for Improving Posture Recognition},
  year     = {2021},
  volume   = {21},
  number   = {23},
  pages    = {26997-27004},
  keywords = {Image recognition;Color;Generative adversarial networks;Estimation;Generators;Feature extraction;Sensors;Depth map estimation;pose classification;two-stream;fusion;convolutional neural network (CNN);improved Pix2pix},
  doi      = {10.1109/JSEN.2021.3122128}
}
