@INPROCEEDINGS{withTable,
  author={Cui, Shuang and Mu, Yusong and Ding, Ning and Jiang, Jiaqi and Chang, Yuchun},
  booktitle={2018 IEEE International Conference on Integrated Circuits, Technologies and Applications (ICTA)}, 
  title={Combined Linear-Logarithmic CMOS Image Sensor with FPN Calibration}, 
  year={2018},
  volume={},
  number={},
  pages={128-129},
  keywords={Dynamic range;Charge transfer;CMOS image sensors;Phototransistors;Switches;Photodiodes;Photoconductivity;CMOS image sensor;linear-logarithmic response;phototransistor;fixed pattern noise},
  doi={10.1109/CICTA.2018.8706097}}

@ARTICLE{withScience,
  author={Guo, Jian and Sonkusale, Sameer},
  journal={IEEE Sensors Journal}, 
  title={A High Dynamic Range CMOS Image Sensor for Scientific Imaging Applications}, 
  year={2009},
  volume={9},
  number={10},
  pages={1209-1218},
  keywords={Dynamic range;CMOS image sensors;Optical imaging;Pixel;Sensor arrays;CMOS technology;Optical sensors;Lighting;Image reconstruction;Image sensors;CMOS image sensor;high dynamic range;linear-logarithmic switching point;scientific imaging},
  doi={10.1109/JSEN.2009.2029814}}

@ARTICLE{withRefferences,
  author={Bae, Myunghan and Choi, Byoung-Soo and Jo, Sung-Hyun and Lee, Hee-Ho and Choi, Pyung and Shin, Jang-Kyoo},
  journal={IEEE Sensors Journal}, 
  title={A Linear-Logarithmic CMOS Image Sensor With Adjustable Dynamic Range}, 
  year={2016},
  volume={16},
  number={13},
  pages={5222-5226},
  keywords={Dynamic range;Sensitivity;Photodiodes;Standards;Lighting;Image sensors;CMOS image sensor;dynamic range;linear-logarithmic response;photogate;CMOS image sensor;dynamic range;linear-logarithmic response;photogate},
  doi={10.1109/JSEN.2016.2562638}}

@INPROCEEDINGS{withExtra,
  author={Hara, K. and Kubo, H. and Kimura, M. and Murao, F. and Komori, S.},
  booktitle={ISSCC. 2005 IEEE International Digest of Technical Papers. Solid-State Circuits Conference, 2005.}, 
  title={A linear-logarithmic CMOS sensor with offset calibration using an injected charge signal}, 
  year={2005},
  volume={},
  number={},
  pages={354-603 Vol. 1},
  keywords={Calibration;CMOS image sensors;Pixel;Sensor phenomena and characterization;Circuits;Photodiodes;Tellurium;Analog memory;CMOS technology;Image sensors},
  doi={10.1109/ISSCC.2005.1494015}}

@ARTICLE{withSampling,
  author={Yadid-Pecht, O. and Fossum, E.R.},
  journal={IEEE Transactions on Electron Devices}, 
  title={Wide intrascene dynamic range CMOS APS using dual sampling}, 
  year={1997},
  volume={44},
  number={10},
  pages={1721-1723},
  keywords={Dynamic range;Sampling methods;Space technology;Charge coupled devices;Lighting;Colored noise;Capacitors;Layout;Noise measurement;Mechanical sensors},
  doi={10.1109/16.628828}}

@ARTICLE{withPredictive,
  author={Acosta-Serafini, P.M. and Masaki, I. and Sodini, C.G.},
  journal={IEEE Transactions on Intelligent Transportation Systems}, 
  title={Predictive multiple sampling algorithm with overlapping integration intervals for linear wide dynamic range integrating image sensors}, 
  year={2004},
  volume={5},
  number={1},
  pages={33-41},
  keywords={Image sampling;Prediction algorithms;Dynamic range;Image sensors;Intelligent transportation systems;Photodiodes;Layout;Machine vision;Integrated circuit technology;Intelligent sensors},
  doi={10.1109/TITS.2004.825089}}

@ARTICLE{withTime,
  author={Hamamoto, T. and Aizawa, K.},
  journal={IEEE Journal of Solid-State Circuits}, 
  title={A computational image sensor with adaptive pixel-based integration time}, 
  year={2001},
  volume={36},
  number={4},
  pages={580-585},
  keywords={Image sensors;Pixel;CMOS image sensors;Dynamic range;Motion detection;Layout;Signal resolution;Signal to noise ratio;Parallel processing;Circuits},
  doi={10.1109/4.913735}}

@ARTICLE{withWell,
  author={Decker, S. and McGrath, D. and Brehmer, K. and Sodini, C.G.},
  journal={IEEE Journal of Solid-State Circuits}, 
  title={A 256/spl times/256 CMOS imaging array with wide dynamic range pixels and column-parallel digital output}, 
  year={1998},
  volume={33},
  number={12},
  pages={2081-2091},
  keywords={Dynamic range;Pixel;Sensor arrays;Optical noise;CMOS image sensors;Circuit noise;Optical imaging;Voltage;Switching circuits;Noise reduction},
  doi={10.1109/4.735551}}

@ARTICLE{withCompensation,
  author={Cui, Shuang and Li, Zhaohan and Wang, Chao and Yang, Xiaotian and Wang, Xinyang and Chang, Yuchun},
  journal={IEEE Transactions on Electron Devices}, 
  title={A Charge Compensation Phototransistor for High-Dynamic-Range CMOS Image Sensors}, 
  year={2018},
  volume={65},
  number={7},
  pages={2932-2938},
  keywords={Phototransistors;Photodiodes;Dynamic range;Optical switches;Optical sensors;Mathematical model;Charge compensation phototransistor;CMOS image sensor (CIS);high-dynamic range (HDR)},
  doi={10.1109/TED.2018.2837140}}

@ARTICLE{withSteps,
  author={Lee, Jiwon and Baek, Inkyu and Yang, Dongjoo and Yang, Kyounghoon},
  journal={IEEE Transactions on Electron Devices}, 
  title={On-Chip FPN Calibration for a Linear-Logarithmic APS Using Two-Step Charge Transfer}, 
  year={2013},
  volume={60},
  number={6},
  pages={1989-1994},
  keywords={Lighting;Charge transfer;Calibration;Dynamic range;CMOS image sensors;Threshold voltage;Active pixel sensors;CMOS image sensor (CIS);dynamic range;image sensors},
  doi={10.1109/TED.2013.2259236}}

@ONLINE{stanford,
  author={Abbas El Gamal},
  title={{EE392B}: Introduction to Image Sensors and Digital Cameras},
  year={2015},
  url={https://isl.stanford.edu/~abbas/aeglect392b.php},
}
